@inproceedings{khan2011sift,
  title={SIFT and SURF performance evaluation against various image deformations on benchmark dataset},
  author={Khan, Nabeel Younus and McCane, Brendan and Wyvill, Geoff},
  booktitle={2011 International Conference on Digital Image Computing: Techniques and Applications},
  pages={501--506},
  year={2011},
  organization={IEEE}
}

@inproceedings{ronneberger2015u,
  title={U-net: Convolutional networks for biomedical image segmentation},
  author={Ronneberger, Olaf and Fischer, Philipp and Brox, Thomas},
  booktitle={International Conference on Medical image computing and computer-assisted intervention},
  pages={234--241},
  year={2015},
  organization={Springer}
}

@article{bojarski2016end,
  title={End to end learning for self-driving cars},
  author={Bojarski, Mariusz and Del Testa, Davide and Dworakowski, Daniel and Firner, Bernhard and Flepp, Beat and Goyal, Prasoon and Jackel, Lawrence D and Monfort, Mathew and Muller, Urs and Zhang, Jiakai and others},
  journal={arXiv preprint arXiv:1604.07316},
  year={2016}
}

@incollection{sauta2019instrumental,
  title={Instrumental Landing Systems},
  author={Sauta, OI and Shatrakov, AY and Shatrakov, YG and Zavalishin, OI},
  booktitle={Principles of Radio Navigation for Ground and Ship-Based Aircrafts},
  pages={65--71},
  year={2019},
  publisher={Springer}
}